<?xml version="1.0" encoding="UTF-8"?><collection xmlns="http://www.loc.gov/MARC21/slim"><record><leader>00571nam--2200181-i-4500</leader><controlfield tag="001">000036014</controlfield><controlfield tag="002">20161230</controlfield><controlfield tag="005">20161230201040</controlfield><controlfield tag="008">060222s1000------------r-----000-0-eng-d</controlfield><datafield ind1=" " ind2=" " tag="020"><subfield code="a">0851862527</subfield></datafield><datafield ind1=" " ind2=" " tag="040"><subfield code="a">IFIN-HH</subfield></datafield><datafield ind1=" " ind2=" " tag="080"><subfield code="a">539.143.43(047)</subfield></datafield><datafield ind1="1" ind2=" " tag="100"><subfield code="a">Harris, R.K</subfield></datafield><datafield ind1="1" ind2="0" tag="245"><subfield code="a">Nuclear magnetic resonance</subfield><subfield code="b">Volume 1: a rewiew of recent published literature up to june 1971</subfield><subfield code="c">R.k. harris (senior reporter)</subfield></datafield><datafield ind1=" " ind2=" " tag="260"><subfield code="a">London</subfield><subfield code="b">The Chemical Society</subfield><subfield code="c">1972</subfield></datafield><datafield ind1=" " ind2=" " tag="490"><subfield code="a">A Specialist Periodical Report</subfield></datafield><datafield ind1=" " ind2=" " tag="852"><subfield code="a">39939</subfield><subfield code="c">539.143.43</subfield></datafield><datafield ind1=" " ind2=" " tag="CAT"><subfield code="a">Sys</subfield><subfield code="c">20120508</subfield><subfield code="h">165412</subfield></datafield></record></collection>